<?xml version="1.0" encoding="UTF-8"?><collection xmlns="http://www.loc.gov/MARC21/slim"><record><leader>00444nam--2200145-i-4500</leader><controlfield tag="001">000048508</controlfield><controlfield tag="002">20161230</controlfield><controlfield tag="005">20161230201047</controlfield><controlfield tag="008">060222s1000------------r-----000-0-eng-d</controlfield><datafield ind1=" " ind2=" " tag="080"><subfield code="a">621.039.84(043)</subfield></datafield><datafield ind1=" " ind2=" " tag="100"><subfield code="a">Racolta, Petru Mihai</subfield></datafield><datafield ind1=" " ind2=" " tag="245"><subfield code="a">Aplicatii tribologice ale izotopilor nucleari inglobai in structuri metalice. teza</subfield></datafield><datafield ind1=" " ind2=" " tag="260"><subfield code="a">Bucuresti, Inst.Central De Fizica, 1987, 186p</subfield></datafield><datafield ind1=" " ind2=" " tag="852"><subfield code="a">74280</subfield><subfield code="c">621</subfield></datafield><datafield ind1=" " ind2=" " tag="CAT"><subfield code="a">Sys</subfield><subfield code="c">20060614</subfield><subfield code="h">143522</subfield></datafield></record></collection>